% this is the bibliography file

@misc{vmc-orig,
  title = 	 {vmchecker},
  howpublished = {Online},
  note = 	 {\url{http://soc.rosedu.org/uploads/SCS_2008-2009_vmchecker_paper.pdf}}
}

@misc{vmc-lxc-howto,
  title = 	 {LXC - How to},
  howpublished = {Online},
  note = 	 {\url{http://lxc.teegra.net/}}
}

@misc{vmc-lxc-off,
  title = 	 {Official LXC website},
  howpublished = {Online},
  note = 	 {\url{http://lxc.sourceforge.net/}}
}

@misc{vmc-kvm-off,
  title = 	 {Official KVM website},
  howpublished = {Online},
  note = 	 {\url{http://www.linux-kvm.org/page/Main_Page}}
}

@misc{vmc-kvm-info,
  title = 	 {KVM tutorial},
  howpublished = {Online},
  note = 	 {\url{http://elf.cs.pub.ro/saisp/wiki/laboratoare/laborator-04}}
}

@misc{vmc-xmlrpc-logging,
  title = 	 {Logging XMLRPC Server},
  howpublished = {Online},
  note = 	 {\\\url{http://code.activestate.com/recipes/496700-logging-simplexmlrpcserver/}}
}

@misc{vmc-xmlrpc,
  title = 	 {Python XMLRPC},
  howpublished = {Online},
  note = 	 {\url{http://docs.python.org/library/xmlrpclib.html}}
}

@misc{vmc-lxc-easy,
  title = 	 {Easy LXC Installation script},
  howpublished = {Online},
  note = 	 {\url{http://www.v13.gr/blog/?p=192}}
}

@misc{vmc-vix-api,
  title = 	 {VIX API documentation},
  howpublished = {Online},
  note = 	 {\url{http://www.vmware.com/support/developer/vix-api/}}
}

@misc{vmc-libvirt-sandbox,
  title = 	 {Libvirt-sandbox},
  howpublished = {Online},
  note = 	 {\\\url{http://people.redhat.com/berrange/fosdem-2012/libvirt-sandbox-fosdem-2012.pdf}}
}

@misc{vmc-github,
  title = 	 {Vmchecker Github},
  howpublished = {Online},
  note = 	 {\url{https://github.com/vmchecker/vmchecker}}
}
